

@BOOK{bat1,
AUTHOR   ="Bathe, K.J.",
TITLE    ="Finite Element Procedures in Engineering Analysis",
PUBLISHER="Prentice-Hall Inc., Englewood Cliffs, NJ",
YEAR     ="1982",Volume   ="",Series   ="",Address  ="",Edition  ="",Month    ="",
mynote     ="FEM",
cat="st_fe"}

@ARTICLE{bat2,
AUTHOR   ="Batoz, J.L. and Bathe, K.J. and Ho, L.W.",
TITLE    ="A Study of Tree-Node Triangular Plate Bending Elements",
JOURNAL="Int. J. Num. Meth. in Eng.",
YEAR     ="1980",Volume   ="15",Number   ="",Pages    ="1771-1812",Address  ="",Edition  ="",Month    ="",
mynote     ="",
cat="st_fe"}

@BOOK{hug1,
AUTHOR   ="Hughes, T.J.R.",
TITLE    ="The Finite Element Method, Linear Static and Dynamic Finite Element Analysis",
PUBLISHER="Prentice-Hall International",
YEAR     ="1987",Volume   ="",Series   ="",Address  ="",Edition  ="",Month    ="",
mynote     ="",
cat="fe_ar"}

@BOOK{nas1,
AUTHOR   ="MSC/NASTRAN",
TITLE    ="Quick Reference Guide 70.7",
PUBLISHER="MacNeal Shwendler Corp., Los Angeles, CA, February,",
YEAR     ="1998",Volume   ="",Series   ="",Address  ="",Edition  ="",Month    ="",
mynote     ="",
cat="fe_ar"}

@ARTICLE{lie3,
AUTHOR   ="Lieven, N.A.J. and Ewins, D.J.",
TITLE    ="A Proposal for Standard Notation and Terminology in Modal Analysis",
JOURNAL="Int. J. Anal. and Exp. Modal Analysis",
YEAR     ="1992",Volume   ="7",Number   ="2",Pages    ="151-156",Address  ="",Edition  ="",Month    ="",
mynote     ="",
cat="st_ge"}




@BOOK{ger3,
AUTHOR   ="G\'eradin, M. and Rixen, D.",
TITLE    ="Mechanical Vibrations. Theory and Application to Structural Dynamics.",
PUBLISHER="John Wiley \& Wiley and Sons, 1994, also in French, Masson, Paris",
YEAR     ="1993",Volume   ="",Series   ="",Address  ="",Edition  ="",Month    ="",
mynote     ="",
cat="st_ge"}


@BOOK{imb1,
AUTHOR   ="Imbert, J.F.",
TITLE    ="Analyse des Structures par El\'ements Finis",
PUBLISHER="E.N.S.A.E. C\'epaques Editions",
YEAR     ="",Volume   ="",Series   ="",Address  ="",Edition  ="",Month    ="",
mynote     ="FEM",
cat="st_fe"}
